<?xml version="1.0" encoding="UTF-8"?>
<record xmlns="http://www.loc.gov/MARC21/slim"><!-- Length implementation at offset 22 should hold a digit. Assuming 0 -->
   <leader>00899 am a2200277Ii 4500</leader>
   <controlfield tag="001">7063474</controlfield>
   <controlfield tag="003">OCoLC</controlfield>
   <controlfield tag="005">20150722162503.0</controlfield>
   <controlfield tag="008">150722s1919    abc          s000 0 eng d</controlfield>
   <datafield tag="040" ind1=" " ind2=" ">
      <subfield code="a">UAB</subfield>
      <subfield code="b">eng</subfield>
      <subfield code="e">rda</subfield>
      <subfield code="c">UAB</subfield>
   </datafield>
   <datafield tag="043" ind1=" " ind2=" ">
      <subfield code="a">n-cn-ab</subfield>
   </datafield>
   <datafield tag="050" ind1=" " ind2="4">
      <subfield code="a">TN806.C22</subfield>
      <subfield code="b">A3 R47</subfield>
   </datafield>
   <datafield tag="090" ind1=" " ind2=" ">
      <subfield code="a">TN 806 C22 A375 1919</subfield>
      <subfield code="b">AEU</subfield>
   </datafield>
   <datafield tag="240" ind1="0" ind2="0">
      <subfield code="a">Report of coal-mining industry commission./ </subfield>
   </datafield>
   <datafield tag="245" ind1="0" ind2="0">
      <subfield code="a">Report of coal-mining industry commission 1919</subfield>
   </datafield>
   <datafield tag="264" ind1=" " ind2="1">
      <subfield code="a">[Edmonton?, Alberta] :</subfield>
      <subfield code="b">[Province of Alberta?],</subfield>
      <subfield code="c">[1919?]</subfield>
   </datafield>
   <datafield tag="300" ind1=" " ind2=" ">
      <subfield code="a">[12] leaves ;</subfield>
      <subfield code="c">29 cm.</subfield>
   </datafield>
   <datafield tag="336" ind1=" " ind2=" ">
      <subfield code="a">text</subfield>
      <subfield code="b">txt</subfield>
      <subfield code="2">rdacontent</subfield>
   </datafield>
   <datafield tag="337" ind1=" " ind2=" ">
      <subfield code="a">unmediated</subfield>
      <subfield code="b">n</subfield>
      <subfield code="2">rdamedia</subfield>
   </datafield>
   <datafield tag="338" ind1=" " ind2=" ">
      <subfield code="a">volume</subfield>
      <subfield code="b">nc</subfield>
      <subfield code="2">rdacarrier</subfield>
   </datafield>
   <datafield tag="500" ind1=" " ind2=" ">
      <subfield code="a">"December 23, 1919".</subfield>
   </datafield>
   <datafield tag="500" ind1=" " ind2=" ">
      <subfield code="a">Chairman: John T. Stirling.</subfield>
   </datafield>
   <datafield tag="533" ind1=" " ind2=" ">
      <subfield code="a">Photocopy.</subfield>
      <subfield code="b">[Edmonton?, Alberta] :</subfield>
      <subfield code="c">[Province of Alberta?],</subfield>
      <subfield code="d">[1919?]</subfield>
   </datafield>
   <datafield tag="650" ind1=" " ind2="0">
      <subfield code="a">Coal mines and mining</subfield>
      <subfield code="z">Alberta.</subfield>
   </datafield>
   <datafield tag="700" ind1="1" ind2=" ">
      <subfield code="a">Stirling, John T.</subfield>
   </datafield>
   <datafield tag="596" ind1=" " ind2=" ">
      <subfield code="a">38</subfield>
   </datafield>
   <datafield tag="926" ind1=" " ind2=" ">
      <subfield code="a">UABARD</subfield>
      <subfield code="b">ON_SHELF</subfield>
      <subfield code="c">TN 806 C22 A375 1919</subfield>
      <subfield code="d">BOOK</subfield>
      <subfield code="f">1</subfield>
   </datafield>
</record>
